<?xml version="1.0" encoding="UTF-8"?><collection xmlns="http://www.loc.gov/MARC21/slim"><record><leader>00614nam--2200181-i-4500</leader><controlfield tag="001">000007927</controlfield><controlfield tag="002">20161230</controlfield><controlfield tag="005">20161230201027</controlfield><controlfield tag="008">060222s1000------------r-----000-0-eng-d</controlfield><datafield ind1=" " ind2=" " tag="040"><subfield code="a">IFIN-HH</subfield></datafield><datafield ind1=" " ind2=" " tag="080"><subfield code="a">517</subfield></datafield><datafield ind1="1" ind2=" " tag="100"><subfield code="a">Bellman, Richard E</subfield></datafield><datafield ind1="1" ind2="0" tag="245"><subfield code="a">Modern analytic and computational methods in science and mathematics. volume three. quasilinearization and nonlinear boundary-value problems</subfield><subfield code="c">Richard e. bellman, robert e. kalaba</subfield></datafield><datafield ind1=" " ind2=" " tag="260"><subfield code="a">New York</subfield><subfield code="b">American Elsevier Publ.Co., Inc</subfield><subfield code="c">1965</subfield></datafield><datafield ind1=" " ind2=" " tag="300"><subfield code="a">IX + 206 P</subfield></datafield><datafield ind1="1" ind2=" " tag="700"><subfield code="a">Kalaba, Robert E</subfield></datafield><datafield ind1=" " ind2=" " tag="852"><subfield code="a">21146</subfield><subfield code="c">53.02</subfield></datafield><datafield ind1=" " ind2=" " tag="CAT"><subfield code="a">Sys</subfield><subfield code="c">20151020</subfield><subfield code="h">113719</subfield></datafield></record></collection>